<record><leader>00000cas a22000007a 4500</leader><controlfield tag="001">19104920</controlfield><controlfield tag="008">890206c19729999ohuwr ne      0    0eng d</controlfield><datafield ind1=" " ind2=" " tag="010"><subfield code="a">sn 89075018 </subfield></datafield><datafield ind1=" " ind2=" " tag="040"><subfield code="a">ONP</subfield><subfield code="b">eng</subfield><subfield code="c">ONP</subfield><subfield code="d">OCLCQ</subfield></datafield><datafield ind1=" " ind2=" " tag="042"><subfield code="a">msc</subfield></datafield><datafield ind1="0" ind2=" " tag="130"><subfield code="a">Bloomville gazette (Bloomville, Ohio : 1972)</subfield></datafield><datafield ind1="1" ind2="4" tag="245"><subfield code="a">The Bloomville gazette.</subfield></datafield><datafield ind1=" " ind2=" " tag="260"><subfield code="a">Bloomville, Ohio :</subfield><subfield code="b">Hamilton &amp; Mohr,</subfield><subfield code="c">1972-</subfield></datafield><datafield ind1=" " ind2=" " tag="310"><subfield code="a">Weekly</subfield></datafield><datafield ind1="0" ind2=" " tag="362"><subfield code="a">Vol. 73, no. 2 (Mar. 9, 1972)-</subfield></datafield><datafield ind1=" " ind2=" " tag="752"><subfield code="a">United States</subfield><subfield code="b">Ohio</subfield><subfield code="c">Seneca</subfield><subfield code="d">Bloomville.</subfield></datafield><datafield ind1="0" ind2="7" tag="780"><subfield code="t">Bloomville gazette and the Republic reporter</subfield><subfield code="w">(DLC)sn 89075017</subfield></datafield></record>